<?xml version="1.0" encoding="UTF-8"?><collection xmlns="http://www.loc.gov/MARC21/slim"><record><leader>00413nam--2200157-i-4500</leader><controlfield tag="001">000048375</controlfield><controlfield tag="002">20161230</controlfield><controlfield tag="005">20170108212723</controlfield><controlfield tag="008">060222s1000------------r-----000-0-eng-d</controlfield><datafield ind1=" " ind2=" " tag="080"><subfield code="a">621.039.519</subfield></datafield><datafield ind1=" " ind2=" " tag="100"><subfield code="a">Abdullaev, H. Sh</subfield></datafield><datafield ind1=" " ind2=" " tag="245"><subfield code="a">Spektry neitronov v dvuhzonnoi sisteme grafit-voda</subfield></datafield><datafield ind1=" " ind2=" " tag="260"><subfield code="a">Moskva</subfield><subfield code="b">Inst.At.Energhii</subfield><subfield code="c">1967</subfield></datafield><datafield ind1=" " ind2=" " tag="300"><subfield code="a">2 p. + 8 Tab</subfield></datafield><datafield ind1=" " ind2=" " tag="852"><subfield code="a">28247</subfield></datafield><datafield ind1=" " ind2=" " tag="CAT"><subfield code="a">SYS</subfield><subfield code="c">20170108</subfield><subfield code="h">212723</subfield></datafield></record></collection>